@book{molnar2020interpretable,
  title={Interpretable machine learning},
  author={Molnar, Christoph},
  year={2020},
  publisher={Lulu. com}
}

@article{miller2019explanation,
  title={Explanation in artificial intelligence: Insights from the social sciences},
  author={Miller, Tim},
  journal={Artificial intelligence},
  volume={267},
  pages={1--38},
  year={2019},
  publisher={Elsevier}
}

@inproceedings{angra2017machine,
  title={Machine learning and its applications: A review},
  author={Angra, Sheena and Ahuja, Sachin},
  booktitle={2017 international conference on big data analytics and computational intelligence (ICBDAC)},
  pages={57--60},
  year={2017},
  organization={IEEE}
}

@article{guidotti2024counterfactual,
  title={Counterfactual explanations and how to find them: literature review and benchmarking},
  author={Guidotti, Riccardo},
  journal={Data Mining and Knowledge Discovery},
  volume={38},
  number={5},
  pages={2770--2824},
  year={2024},
  publisher={Springer}
}

@article{forrest2021contrastive,
  title={Are contrastive explanations useful?},
  author={Forrest, James and Sripada, Somayajulu and Pang, Wei and Coghill, George M},
  year={2021}
}

@inproceedings{mothilal2020explaining,
  title={Explaining machine learning classifiers through diverse counterfactual explanations},
  author={Mothilal, Ramaravind K and Sharma, Amit and Tan, Chenhao},
  booktitle={Proceedings of the 2020 conference on fairness, accountability, and transparency},
  pages={607--617},
  year={2020}
}

@book{brownlee2011clever,
  title={Clever algorithms: nature-inspired programming recipes},
  author={Brownlee, Jason},
  year={2011},
  publisher={Jason Brownlee}
}
