@article{mahesh2020machine,
  title={Machine learning algorithms-a review},
  author={Mahesh, Batta},
  journal={International Journal of Science and Research (IJSR).[Internet]},
  volume={9},
  number={1},
  pages={381--386},
  year={2020}
}

@article{arrieta2020explainable,
  title={Explainable Artificial Intelligence (XAI): Concepts, taxonomies, opportunities and challenges toward responsible AI},
  author={Arrieta, Alejandro Barredo and D{\'\i}az-Rodr{\'\i}guez, Natalia and Del Ser, Javier and Bennetot, Adrien and Tabik, Siham and Barbado, Alberto and Garc{\'\i}a, Salvador and Gil-L{\'o}pez, Sergio and Molina, Daniel and Benjamins, Richard and others},
  journal={Information fusion},
  volume={58},
  pages={82--115},
  year={2020},
  publisher={Elsevier}
}

@article{kourou2015machine,
  title={Machine learning applications in cancer prognosis and prediction},
  author={Kourou, Konstantina and Exarchos, Themis P and Exarchos, Konstantinos P and Karamouzis, Michalis V and Fotiadis, Dimitrios I},
  journal={Computational and structural biotechnology journal},
  volume={13},
  pages={8--17},
  year={2015},
  publisher={Elsevier}
}

@inproceedings{awoyemi2017credit,
  title={Credit card fraud detection using machine learning techniques: A comparative analysis},
  author={Awoyemi, John O and Adetunmbi, Adebayo O and Oluwadare, Samuel A},
  booktitle={2017 international conference on computing networking and informatics (ICCNI)},
  pages={1--9},
  year={2017},
  organization={IEEE}
}

@article{portugal2018use,
  title={The use of machine learning algorithms in recommender systems: A systematic review},
  author={Portugal, Ivens and Alencar, Paulo and Cowan, Donald},
  journal={Expert Systems with Applications},
  volume={97},
  pages={205--227},
  year={2018},
  publisher={Elsevier}
}

@article{linardatos2020explainable,
  title={Explainable ai: A review of machine learning interpretability methods},
  author={Linardatos, Pantelis and Papastefanopoulos, Vasilis and Kotsiantis, Sotiris},
  journal={Entropy},
  volume={23},
  number={1},
  pages={18},
  year={2020},
  publisher={MDPI}
}

@book{molnar2020interpretable,
  title={Interpretable machine learning},
  author={Molnar, Christoph},
  year={2020},
  publisher={Lulu. com}
}

@article{miller2019explanation,
  title={Explanation in artificial intelligence: Insights from the social sciences},
  author={Miller, Tim},
  journal={Artificial intelligence},
  volume={267},
  pages={1--38},
  year={2019},
  publisher={Elsevier}
}

@inproceedings{angra2017machine,
  title={Machine learning and its applications: A review},
  author={Angra, Sheena and Ahuja, Sachin},
  booktitle={2017 international conference on big data analytics and computational intelligence (ICBDAC)},
  pages={57--60},
  year={2017},
  organization={IEEE}
}

@article{guidotti2024counterfactual,
  title={Counterfactual explanations and how to find them: literature review and benchmarking},
  author={Guidotti, Riccardo},
  journal={Data Mining and Knowledge Discovery},
  volume={38},
  number={5},
  pages={2770--2824},
  year={2024},
  publisher={Springer}
}

@article{forrest2021contrastive,
  title={Are contrastive explanations useful?},
  author={Forrest, James and Sripada, Somayajulu and Pang, Wei and Coghill, George M},
  year={2021}
}

@inproceedings{mothilal2020explaining,
  title={Explaining machine learning classifiers through diverse counterfactual explanations},
  author={Mothilal, Ramaravind K and Sharma, Amit and Tan, Chenhao},
  booktitle={Proceedings of the 2020 conference on fairness, accountability, and transparency},
  pages={607--617},
  year={2020}
}

@book{brownlee2011clever,
  title={Clever algorithms: nature-inspired programming recipes},
  author={Brownlee, Jason},
  year={2011},
  publisher={Jason Brownlee}
}

@article{doshi2017towards,
  title={Towards a rigorous science of interpretable machine learning},
  author={Doshi-Velez, Finale and Kim, Been},
  journal={arXiv preprint arXiv:1702.08608},
  year={2017}
}

@inproceedings{goebel2018explainable,
  title={Explainable AI: the new 42?},
  author={Goebel, Randy and Chander, Ajay and Holzinger, Katharina and Lecue, Freddy and Akata, Zeynep and Stumpf, Simone and Kieseberg, Peter and Holzinger, Andreas},
  booktitle={International cross-domain conference for machine learning and knowledge extraction},
  pages={295--303},
  year={2018},
  organization={Springer}
}

@article{guidotti2018survey,
  title={A survey of methods for explaining black box models},
  author={Guidotti, Riccardo and Monreale, Anna and Ruggieri, Salvatore and Turini, Franco and Giannotti, Fosca and Pedreschi, Dino},
  journal={ACM computing surveys (CSUR)},
  volume={51},
  number={5},
  pages={1--42},
  year={2018},
  publisher={ACM New York, NY, USA}
}

@book{samek2019explainable,
  title={Explainable AI: interpreting, explaining and visualizing deep learning},
  author={Samek, Wojciech and Montavon, Gr{\'e}goire and Vedaldi, Andrea and Hansen, Lars Kai and M{\"u}ller, Klaus-Robert},
  volume={11700},
  year={2019},
  publisher={Springer Nature}
}

@article{friedman2001greedy,
  title={Greedy function approximation: a gradient boosting machine},
  author={Friedman, Jerome H},
  journal={Annals of statistics},
  pages={1189--1232},
  year={2001},
  publisher={JSTOR}
}

@article{friedman2008predictive,
  title={Predictive learning via rule ensembles},
  author={Friedman, Jerome H and Popescu, Bogdan E},
  year={2008}
}

@inproceedings{ribeiro2016should,
  title={" Why should i trust you?" Explaining the predictions of any classifier},
  author={Ribeiro, Marco Tulio and Singh, Sameer and Guestrin, Carlos},
  booktitle={Proceedings of the 22nd ACM SIGKDD international conference on knowledge discovery and data mining},
  pages={1135--1144},
  year={2016}
}

@article{lundberg2017unified,
  title={A unified approach to interpreting model predictions},
  author={Lundberg, Scott M and Lee, Su-In},
  journal={Advances in neural information processing systems},
  volume={30},
  year={2017}
}

@article{lipton1990contrastive,
  title={Contrastive explanation},
  author={Lipton, Peter},
  journal={Royal Institute of Philosophy Supplements},
  volume={27},
  pages={247--266},
  year={1990},
  publisher={Cambridge University Press}
}

@article{wachter2017counterfactual,
  title={Counterfactual explanations without opening the black box: Automated decisions and the GDPR},
  author={Wachter, Sandra and Mittelstadt, Brent and Russell, Chris},
  journal={Harv. JL \& Tech.},
  volume={31},
  pages={841},
  year={2017},
  publisher={HeinOnline}
}

@article{pearl2009causal,
  title={Causal inference in statistics: An overview},
  author={Pearl, Judea},
  year={2009}
}

@article{verma2024counterfactual,
  title={Counterfactual explanations and algorithmic recourses for machine learning: A review},
  author={Verma, Sahil and Boonsanong, Varich and Hoang, Minh and Hines, Keegan and Dickerson, John and Shah, Chirag},
  journal={ACM Computing Surveys},
  volume={56},
  number={12},
  pages={1--42},
  year={2024},
  publisher={ACM New York, NY}
}

@article{schleich2021geco,
  title={Geco: Quality counterfactual explanations in real time},
  author={Schleich, Maximilian and Geng, Zixuan and Zhang, Yihong and Suciu, Dan},
  journal={arXiv preprint arXiv:2101.01292},
  year={2021}
}

@article{visani2022statistical,
  title={Statistical stability indices for LIME: Obtaining reliable explanations for machine learning models},
  author={Visani, Giorgio and Bagli, Enrico and Chesani, Federico and Poluzzi, Alessandro and Capuzzo, Davide},
  journal={Journal of the Operational Research Society},
  volume={73},
  number={1},
  pages={91--101},
  year={2022},
  publisher={Taylor \& Francis}
}

@article{chou2022counterfactuals,
  title={Counterfactuals and causability in explainable artificial intelligence: Theory, algorithms, and applications},
  author={Chou, Yu-Liang and Moreira, Catarina and Bruza, Peter and Ouyang, Chun and Jorge, Joaquim},
  journal={Information Fusion},
  volume={81},
  pages={59--83},
  year={2022},
  publisher={Elsevier}
}

@misc{google_comics_fact_ML,
	title = {Learning {Machine} {Learning} {\textbar} {Cloud} {AI}},
    author={{Google Comics Factory}},
	url = {https://cloud.google.com/products/ai/ml-comic-1},
	abstract = {Machine Learning Comic},
	language = {en},
	urldate = {2025-03-12},
    year={2019},
	journal = {Google Cloud},
}

@misc{google_comics_fact_DNN,
	title = {Learning {Machine} {Learning} {\textbar} {Cloud} {AI}},
    author={{Google Comics Factory}},
	url = {https://cloud.google.com/products/ai/ml-comic-2},
	abstract = {Machine Learning Comic},
	language = {en},
	urldate = {2025-03-12},
    year={2019},
	journal = {Google Cloud},
}

@misc{dice_docs,
	title = {Diverse {Counterfactual} {Explanations} ({DiCE}) for {ML} — {DiCE} 0.11 documentation},
    author = {Amit Sharma}, 
	url = {https://interpret.ml/DiCE/},
	urldate = {2025-03-12},
    year={2020} 
}

@article{dua2017uci,
  title={UCI machine learning repository, 2017},
  author={Dua, Dheeru and Graff, Casey and others},
  journal={URL http://archive. ics. uci. edu/ml},
  volume={7},
  number={1},
  pages={62},
  year={2017}
}

@article{washington2018argue,
  title={How to argue with an algorithm: Lessons from the COMPAS-ProPublica debate},
  author={Washington, Anne L},
  journal={Colo. Tech. LJ},
  volume={17},
  pages={131},
  year={2018},
  publisher={HeinOnline}
}

@article{elsas1998relationship,
  title={Is relationship lending special? Evidence from credit-file data in Germany},
  author={Elsas, Ralf and Krahnen, Jan Pieter},
  journal={Journal of Banking \& Finance},
  volume={22},
  number={10-11},
  pages={1283--1316},
  year={1998},
  publisher={Elsevier}
}

@article{chen2018interpretable,
  title={An interpretable model with globally consistent explanations for credit risk},
  author={Chen, Chaofan and Lin, Kangcheng and Rudin, Cynthia and Shaposhnik, Yaron and Wang, Sijia and Wang, Tong},
  journal={arXiv preprint arXiv:1811.12615},
  year={2018}
}

@article{kulesza2012determinantal,
  title={Determinantal point processes for machine learning},
  author={Kulesza, Alex and Taskar, Ben and others},
  journal={Foundations and Trends{\textregistered} in Machine Learning},
  volume={5},
  number={2--3},
  pages={123--286},
  year={2012},
  publisher={Now Publishers, Inc.}
}

@book{tukey1977exploratory,
  title={Exploratory data analysis},
  author={Tukey, John Wilder and others},
  volume={2},
  year={1977},
  publisher={Springer}
}

@book{cook2025,
	title = {Chapter 2 {What} is exploratory data analysis? {\textbar} {Exploratory} {Data} {Analysis} in the 21st {Century}},
	shorttitle = {Chapter 2 {What} is exploratory data analysis?},
	url = {https://dicook.github.io/explore-data/what-is-eda.html},
	abstract = {This is a book about EDA today.},
	urldate = {2025-03-21},
    year={2023},
	author = {Diana Cook, Emi Tanaka},
}

@book{burkov2020machine,
  title={Machine learning engineering},
  author={Burkov, Andriy},
  volume={1},
  year={2020},
  publisher={True Positive Incorporated Montreal, QC, Canada}
}

@inproceedings{arya2021ai,
  title={Ai explainability 360 toolkit},
  author={Arya, Vijay and Bellamy, Rachel KE and Chen, Pin-Yu and Dhurandhar, Amit and Hind, Michael and Hoffman, Samuel C and Houde, Stephanie and Liao, Q Vera and Luss, Ronny and Mojsilovi{\'c}, Aleksandra and others},
  booktitle={Proceedings of the 3rd ACM India joint international conference on data science \& management of data (8th ACM IKDD CODS \& 26th COMAD)},
  pages={376--379},
  year={2021}
}

@inproceedings{selbst2018meaningful,
  title={“Meaningful information” and the right to explanation},
  author={Selbst, Andrew and Powles, Julia},
  booktitle={conference on fairness, accountability and transparency},
  pages={48--48},
  year={2018},
  organization={PMLR}
}
